@article{10.2307/2308012,
 ISSN = {00029890, 19300972},
 URL = {http://www.jstor.org/stable/2308012},
 author = {Herbert Robbins},
 journal = {The American Mathematical Monthly},
 number = {1},
 pages = {26--29},
 publisher = {Mathematical Association of America},
 title = {A Remark on Stirling's Formula},
 volume = {62},
 year = {1955}
}

